%YAML 1.1
%TAG !u! tag:unity3d.com,2011:
--- !u!1 &4573104558581592328
GameObject:
  m_ObjectHideFlags: 0
  m_CorrespondingSourceObject: {fileID: 0}
  m_PrefabInstance: {fileID: 0}
  m_PrefabAsset: {fileID: 0}
  serializedVersion: 6
  m_Component:
  - component: {fileID: 5724078208485821148}
  m_Layer: 0
  m_Name: QuadEnemies
  m_TagString: Untagged
  m_Icon: {fileID: 0}
  m_NavMeshLayer: 0
  m_StaticEditorFlags: 0
  m_IsActive: 1
--- !u!4 &5724078208485821148
Transform:
  m_ObjectHideFlags: 0
  m_CorrespondingSourceObject: {fileID: 0}
  m_PrefabInstance: {fileID: 0}
  m_PrefabAsset: {fileID: 0}
  m_GameObject: {fileID: 4573104558581592328}
  m_LocalRotation: {x: 0, y: 0, z: 0, w: 1}
  m_LocalPosition: {x: 0, y: 0, z: 0}
  m_LocalScale: {x: 1, y: 1, z: 1}
  m_Children:
  - {fileID: 4411824071184625696}
  - {fileID: 4411824071021609837}
  - {fileID: 4411824070833380905}
  - {fileID: 4039212050506039531}
  m_Father: {fileID: 0}
  m_RootOrder: 0
  m_LocalEulerAnglesHint: {x: 0, y: 0, z: 0}
--- !u!1001 &8874971717230394502
PrefabInstance:
  m_ObjectHideFlags: 0
  serializedVersion: 2
  m_Modification:
    m_TransformParent: {fileID: 5724078208485821148}
    m_Modifications:
    - target: {fileID: 5049601018982383594, guid: 6d1c8c3bcc84df240a07e8559ea5d5f7,
        type: 3}
      propertyPath: m_Name
      value: Enemy
      objectReference: {fileID: 0}
    - target: {fileID: 5049601018982383595, guid: 6d1c8c3bcc84df240a07e8559ea5d5f7,
        type: 3}
      propertyPath: m_LocalPosition.x
      value: 15
      objectReference: {fileID: 0}
    - target: {fileID: 5049601018982383595, guid: 6d1c8c3bcc84df240a07e8559ea5d5f7,
        type: 3}
      propertyPath: m_LocalPosition.y
      value: 0
      objectReference: {fileID: 0}
    - target: {fileID: 5049601018982383595, guid: 6d1c8c3bcc84df240a07e8559ea5d5f7,
        type: 3}
      propertyPath: m_LocalPosition.z
      value: 3
      objectReference: {fileID: 0}
    - target: {fileID: 5049601018982383595, guid: 6d1c8c3bcc84df240a07e8559ea5d5f7,
        type: 3}
      propertyPath: m_LocalRotation.x
      value: -0
      objectReference: {fileID: 0}
    - target: {fileID: 5049601018982383595, guid: 6d1c8c3bcc84df240a07e8559ea5d5f7,
        type: 3}
      propertyPath: m_LocalRotation.y
      value: -0
      objectReference: {fileID: 0}
    - target: {fileID: 5049601018982383595, guid: 6d1c8c3bcc84df240a07e8559ea5d5f7,
        type: 3}
      propertyPath: m_LocalRotation.z
      value: -0
      objectReference: {fileID: 0}
    - target: {fileID: 5049601018982383595, guid: 6d1c8c3bcc84df240a07e8559ea5d5f7,
        type: 3}
      propertyPath: m_LocalRotation.w
      value: 1
      objectReference: {fileID: 0}
    - target: {fileID: 5049601018982383595, guid: 6d1c8c3bcc84df240a07e8559ea5d5f7,
        type: 3}
      propertyPath: m_RootOrder
      value: 1
      objectReference: {fileID: 0}
    - target: {fileID: 5049601018982383595, guid: 6d1c8c3bcc84df240a07e8559ea5d5f7,
        type: 3}
      propertyPath: m_LocalEulerAnglesHint.x
      value: 0
      objectReference: {fileID: 0}
    - target: {fileID: 5049601018982383595, guid: 6d1c8c3bcc84df240a07e8559ea5d5f7,
        type: 3}
      propertyPath: m_LocalEulerAnglesHint.y
      value: 0
      objectReference: {fileID: 0}
    - target: {fileID: 5049601018982383595, guid: 6d1c8c3bcc84df240a07e8559ea5d5f7,
        type: 3}
      propertyPath: m_LocalEulerAnglesHint.z
      value: 0
      objectReference: {fileID: 0}
    - target: {fileID: 3557287876443043442, guid: 6d1c8c3bcc84df240a07e8559ea5d5f7,
        type: 3}
      propertyPath: minDist
      value: 100
      objectReference: {fileID: 0}
    m_RemovedComponents: []
  m_SourcePrefab: {fileID: 100100000, guid: 6d1c8c3bcc84df240a07e8559ea5d5f7, type: 3}
--- !u!4 &4411824071021609837 stripped
Transform:
  m_CorrespondingSourceObject: {fileID: 5049601018982383595, guid: 6d1c8c3bcc84df240a07e8559ea5d5f7,
    type: 3}
  m_PrefabInstance: {fileID: 8874971717230394502}
  m_PrefabAsset: {fileID: 0}
--- !u!1001 &8874971717405970379
PrefabInstance:
  m_ObjectHideFlags: 0
  serializedVersion: 2
  m_Modification:
    m_TransformParent: {fileID: 5724078208485821148}
    m_Modifications:
    - target: {fileID: 5049601018982383594, guid: 6d1c8c3bcc84df240a07e8559ea5d5f7,
        type: 3}
      propertyPath: m_Name
      value: Enemy (1)
      objectReference: {fileID: 0}
    - target: {fileID: 5049601018982383595, guid: 6d1c8c3bcc84df240a07e8559ea5d5f7,
        type: 3}
      propertyPath: m_LocalPosition.x
      value: 15
      objectReference: {fileID: 0}
    - target: {fileID: 5049601018982383595, guid: 6d1c8c3bcc84df240a07e8559ea5d5f7,
        type: 3}
      propertyPath: m_LocalPosition.y
      value: 0
      objectReference: {fileID: 0}
    - target: {fileID: 5049601018982383595, guid: 6d1c8c3bcc84df240a07e8559ea5d5f7,
        type: 3}
      propertyPath: m_LocalPosition.z
      value: 0
      objectReference: {fileID: 0}
    - target: {fileID: 5049601018982383595, guid: 6d1c8c3bcc84df240a07e8559ea5d5f7,
        type: 3}
      propertyPath: m_LocalRotation.x
      value: -0
      objectReference: {fileID: 0}
    - target: {fileID: 5049601018982383595, guid: 6d1c8c3bcc84df240a07e8559ea5d5f7,
        type: 3}
      propertyPath: m_LocalRotation.y
      value: -0
      objectReference: {fileID: 0}
    - target: {fileID: 5049601018982383595, guid: 6d1c8c3bcc84df240a07e8559ea5d5f7,
        type: 3}
      propertyPath: m_LocalRotation.z
      value: -0
      objectReference: {fileID: 0}
    - target: {fileID: 5049601018982383595, guid: 6d1c8c3bcc84df240a07e8559ea5d5f7,
        type: 3}
      propertyPath: m_LocalRotation.w
      value: 1
      objectReference: {fileID: 0}
    - target: {fileID: 5049601018982383595, guid: 6d1c8c3bcc84df240a07e8559ea5d5f7,
        type: 3}
      propertyPath: m_RootOrder
      value: 0
      objectReference: {fileID: 0}
    - target: {fileID: 5049601018982383595, guid: 6d1c8c3bcc84df240a07e8559ea5d5f7,
        type: 3}
      propertyPath: m_LocalEulerAnglesHint.x
      value: 0
      objectReference: {fileID: 0}
    - target: {fileID: 5049601018982383595, guid: 6d1c8c3bcc84df240a07e8559ea5d5f7,
        type: 3}
      propertyPath: m_LocalEulerAnglesHint.y
      value: 0
      objectReference: {fileID: 0}
    - target: {fileID: 5049601018982383595, guid: 6d1c8c3bcc84df240a07e8559ea5d5f7,
        type: 3}
      propertyPath: m_LocalEulerAnglesHint.z
      value: 0
      objectReference: {fileID: 0}
    - target: {fileID: 3557287876443043442, guid: 6d1c8c3bcc84df240a07e8559ea5d5f7,
        type: 3}
      propertyPath: minDist
      value: 100
      objectReference: {fileID: 0}
    m_RemovedComponents: []
  m_SourcePrefab: {fileID: 100100000, guid: 6d1c8c3bcc84df240a07e8559ea5d5f7, type: 3}
--- !u!4 &4411824071184625696 stripped
Transform:
  m_CorrespondingSourceObject: {fileID: 5049601018982383595, guid: 6d1c8c3bcc84df240a07e8559ea5d5f7,
    type: 3}
  m_PrefabInstance: {fileID: 8874971717405970379}
  m_PrefabAsset: {fileID: 0}
--- !u!1001 &8874971717553856962
PrefabInstance:
  m_ObjectHideFlags: 0
  serializedVersion: 2
  m_Modification:
    m_TransformParent: {fileID: 5724078208485821148}
    m_Modifications:
    - target: {fileID: 5049601018982383594, guid: 6d1c8c3bcc84df240a07e8559ea5d5f7,
        type: 3}
      propertyPath: m_Name
      value: Enemy
      objectReference: {fileID: 0}
    - target: {fileID: 5049601018982383595, guid: 6d1c8c3bcc84df240a07e8559ea5d5f7,
        type: 3}
      propertyPath: m_LocalPosition.x
      value: -15
      objectReference: {fileID: 0}
    - target: {fileID: 5049601018982383595, guid: 6d1c8c3bcc84df240a07e8559ea5d5f7,
        type: 3}
      propertyPath: m_LocalPosition.y
      value: 0
      objectReference: {fileID: 0}
    - target: {fileID: 5049601018982383595, guid: 6d1c8c3bcc84df240a07e8559ea5d5f7,
        type: 3}
      propertyPath: m_LocalPosition.z
      value: 0
      objectReference: {fileID: 0}
    - target: {fileID: 5049601018982383595, guid: 6d1c8c3bcc84df240a07e8559ea5d5f7,
        type: 3}
      propertyPath: m_LocalRotation.x
      value: -0
      objectReference: {fileID: 0}
    - target: {fileID: 5049601018982383595, guid: 6d1c8c3bcc84df240a07e8559ea5d5f7,
        type: 3}
      propertyPath: m_LocalRotation.y
      value: -1
      objectReference: {fileID: 0}
    - target: {fileID: 5049601018982383595, guid: 6d1c8c3bcc84df240a07e8559ea5d5f7,
        type: 3}
      propertyPath: m_LocalRotation.z
      value: -0
      objectReference: {fileID: 0}
    - target: {fileID: 5049601018982383595, guid: 6d1c8c3bcc84df240a07e8559ea5d5f7,
        type: 3}
      propertyPath: m_LocalRotation.w
      value: 0
      objectReference: {fileID: 0}
    - target: {fileID: 5049601018982383595, guid: 6d1c8c3bcc84df240a07e8559ea5d5f7,
        type: 3}
      propertyPath: m_RootOrder
      value: 2
      objectReference: {fileID: 0}
    - target: {fileID: 5049601018982383595, guid: 6d1c8c3bcc84df240a07e8559ea5d5f7,
        type: 3}
      propertyPath: m_LocalEulerAnglesHint.x
      value: 0
      objectReference: {fileID: 0}
    - target: {fileID: 5049601018982383595, guid: 6d1c8c3bcc84df240a07e8559ea5d5f7,
        type: 3}
      propertyPath: m_LocalEulerAnglesHint.y
      value: 0
      objectReference: {fileID: 0}
    - target: {fileID: 5049601018982383595, guid: 6d1c8c3bcc84df240a07e8559ea5d5f7,
        type: 3}
      propertyPath: m_LocalEulerAnglesHint.z
      value: 0
      objectReference: {fileID: 0}
    - target: {fileID: 3557287876443043442, guid: 6d1c8c3bcc84df240a07e8559ea5d5f7,
        type: 3}
      propertyPath: minDist
      value: 100
      objectReference: {fileID: 0}
    m_RemovedComponents: []
  m_SourcePrefab: {fileID: 100100000, guid: 6d1c8c3bcc84df240a07e8559ea5d5f7, type: 3}
--- !u!4 &4411824070833380905 stripped
Transform:
  m_CorrespondingSourceObject: {fileID: 5049601018982383595, guid: 6d1c8c3bcc84df240a07e8559ea5d5f7,
    type: 3}
  m_PrefabInstance: {fileID: 8874971717553856962}
  m_PrefabAsset: {fileID: 0}
--- !u!1001 &9087666647661477632
PrefabInstance:
  m_ObjectHideFlags: 0
  serializedVersion: 2
  m_Modification:
    m_TransformParent: {fileID: 5724078208485821148}
    m_Modifications:
    - target: {fileID: 5049601018982383594, guid: 6d1c8c3bcc84df240a07e8559ea5d5f7,
        type: 3}
      propertyPath: m_Name
      value: Enemy (2)
      objectReference: {fileID: 0}
    - target: {fileID: 5049601018982383595, guid: 6d1c8c3bcc84df240a07e8559ea5d5f7,
        type: 3}
      propertyPath: m_LocalPosition.x
      value: -15
      objectReference: {fileID: 0}
    - target: {fileID: 5049601018982383595, guid: 6d1c8c3bcc84df240a07e8559ea5d5f7,
        type: 3}
      propertyPath: m_LocalPosition.y
      value: 0
      objectReference: {fileID: 0}
    - target: {fileID: 5049601018982383595, guid: 6d1c8c3bcc84df240a07e8559ea5d5f7,
        type: 3}
      propertyPath: m_LocalPosition.z
      value: 3
      objectReference: {fileID: 0}
    - target: {fileID: 5049601018982383595, guid: 6d1c8c3bcc84df240a07e8559ea5d5f7,
        type: 3}
      propertyPath: m_LocalRotation.x
      value: -0
      objectReference: {fileID: 0}
    - target: {fileID: 5049601018982383595, guid: 6d1c8c3bcc84df240a07e8559ea5d5f7,
        type: 3}
      propertyPath: m_LocalRotation.y
      value: -1
      objectReference: {fileID: 0}
    - target: {fileID: 5049601018982383595, guid: 6d1c8c3bcc84df240a07e8559ea5d5f7,
        type: 3}
      propertyPath: m_LocalRotation.z
      value: -0
      objectReference: {fileID: 0}
    - target: {fileID: 5049601018982383595, guid: 6d1c8c3bcc84df240a07e8559ea5d5f7,
        type: 3}
      propertyPath: m_LocalRotation.w
      value: 0
      objectReference: {fileID: 0}
    - target: {fileID: 5049601018982383595, guid: 6d1c8c3bcc84df240a07e8559ea5d5f7,
        type: 3}
      propertyPath: m_RootOrder
      value: 3
      objectReference: {fileID: 0}
    - target: {fileID: 5049601018982383595, guid: 6d1c8c3bcc84df240a07e8559ea5d5f7,
        type: 3}
      propertyPath: m_LocalEulerAnglesHint.x
      value: 0
      objectReference: {fileID: 0}
    - target: {fileID: 5049601018982383595, guid: 6d1c8c3bcc84df240a07e8559ea5d5f7,
        type: 3}
      propertyPath: m_LocalEulerAnglesHint.y
      value: 0
      objectReference: {fileID: 0}
    - target: {fileID: 5049601018982383595, guid: 6d1c8c3bcc84df240a07e8559ea5d5f7,
        type: 3}
      propertyPath: m_LocalEulerAnglesHint.z
      value: 0
      objectReference: {fileID: 0}
    - target: {fileID: 3557287876443043442, guid: 6d1c8c3bcc84df240a07e8559ea5d5f7,
        type: 3}
      propertyPath: minDist
      value: 100
      objectReference: {fileID: 0}
    m_RemovedComponents: []
  m_SourcePrefab: {fileID: 100100000, guid: 6d1c8c3bcc84df240a07e8559ea5d5f7, type: 3}
--- !u!4 &4039212050506039531 stripped
Transform:
  m_CorrespondingSourceObject: {fileID: 5049601018982383595, guid: 6d1c8c3bcc84df240a07e8559ea5d5f7,
    type: 3}
  m_PrefabInstance: {fileID: 9087666647661477632}
  m_PrefabAsset: {fileID: 0}
